
@article{Bar,
author="J. Bardeen",
title="Tunnelling from a many-particle point of view",
year="1961",
journal="Physical Review Letters",
volume="6",
number="2"
}

@article{Sau,
author="Günter Sauerbrey",
title="Verwendung von {S}chwingquarzen zur {W}ägung dünner {S}chichten und zur {M}ikrowägung",
year="1959",
journal="Zeitschrift für Physik",
volume="155",
number="2"
}

@article{Ter83,
author="Tersoff, J. and Hamann, D. R.",
title="Theory and {A}pplication for the {S}canning {T}unneling {M}icroscope",
year="1983",
journal="Physical Review Letters",
volume="50",
number="25"
}

@article{Ter85,
author="Tersoff, J. and Hamann, D. R.",
title="Theory of the scanning tunneling microscope",
year="1985",
journal="Physical Review B",
volume="31",
number="2"
}


@book{Lueth,
author="Hans Lüth",
title="Solid Surfaces, Interfaces and Thin Films",
year="1985",
publisher="Springer",
edition="{G}raduate {T}exts in {P}hysics"
}

